<record><leader>00000cas a22000007a 4500</leader><controlfield tag="001">11874050</controlfield><controlfield tag="008">850402c19uu9999njuwr ne      0   a0eng d</controlfield><datafield ind1=" " ind2=" " tag="010"><subfield code="a">sn 85009805 </subfield></datafield><datafield ind1=" " ind2=" " tag="040"><subfield code="a">NSD</subfield><subfield code="b">eng</subfield><subfield code="c">NSD</subfield><subfield code="d">OCLCQ</subfield></datafield><datafield ind1=" " ind2=" " tag="012"><subfield code="m">1</subfield></datafield><datafield ind1="1" ind2=" " tag="022"><subfield code="a">8750-8664</subfield><subfield code="l">8750-8664</subfield><subfield code="2">1</subfield></datafield><datafield ind1=" " ind2=" " tag="032"><subfield code="a">737290</subfield><subfield code="b">USPS</subfield></datafield><datafield ind1=" " ind2=" " tag="037"><subfield code="b">Kenilworth Leader, 1291 Stuyvesant Ave., Union, N.J. 07083</subfield></datafield><datafield ind1=" " ind2=" " tag="042"><subfield code="a">nsdp</subfield></datafield><datafield ind1=" " ind2="0" tag="222"><subfield code="a">Kenilworth leader</subfield></datafield><datafield ind1="0" ind2="0" tag="245"><subfield code="a">Kenilworth leader.</subfield></datafield><datafield ind1=" " ind2=" " tag="260"><subfield code="a">Kenilworth, N.J. :</subfield><subfield code="b">Suburban Pub. Co.</subfield></datafield><datafield ind1=" " ind2=" " tag="310"><subfield code="a">Weekly</subfield></datafield><datafield ind1=" " ind2=" " tag="500"><subfield code="a">Includes section: Focus on Union County.</subfield></datafield><datafield ind1=" " ind2=" " tag="588"><subfield code="a">Description based on: Vol. 40, no. 11 (Thursday, Jan. 17, 1985).</subfield></datafield><datafield ind1="0" ind2="2" tag="730"><subfield code="a">Focus on Union County.</subfield></datafield><datafield ind1=" " ind2=" " tag="752"><subfield code="a">United States</subfield><subfield code="b">New Jersey</subfield><subfield code="c">Union</subfield><subfield code="d">Kenilworth.</subfield></datafield><datafield ind1=" " ind2=" " tag="936"><subfield code="a">Jan. 17, 1985</subfield></datafield><datafield ind1="1" ind2=" " tag="029"><subfield code="a">AU@</subfield><subfield code="b">000025784055</subfield></datafield></record>